%bibtex entries 

%%%%%%%%%%%
%  PBGT  %%
%%%%%%%%%%%

@Inproceedings{coimbra2011reverse,
  title={Reverse Engineering of Graphical User Interfaces},
  author={Coimbra Morgado, In{\^e}s and Paiva, Ana and Pascoal Faria, Jo{\~a}o},
  booktitle={ICSEA 2011, The Sixth International Conference on Software Engineering Advances},
  pages={293--298},
  year={2011}
}

@inproceedings{moreira2013pattern,
  title={A pattern-based approach for GUI modeling and testing},
  author={Moreira, Rodrigo MLM and Paiva, Ana CR and Memon, Atif},
  booktitle={Software Reliability Engineering (ISSRE), 2013 IEEE 24th International Symposium on},
  pages={288--297},
  year={2013},
  organization={IEEE}
}

@Inproceedings{morgado2012gui,
  title={GUI reverse engineering with machine learning},
  author={Morgado, In{\^e}s Coimbra and Paiva, Ana CR and Faria, Joao Pascoal and Camacho, Rui},
  booktitle={Realizing Artificial Intelligence Synergies in Software Engineering (RAISE), 2012 First International Workshop on},
  pages={27--31},
  year={2012},
  organization={IEEE}
}

@Inproceedings{grilo2010reverse,
  title={Reverse engineering of GUI models for testing},
  author={Grilo, Andr{\'e} MP and Paiva, Ana CR and Faria, Jo{\~a}o Pascoal},
  booktitle={Information Systems and Technologies (CISTI), 2010 5th Iberian Conference on},
  pages={1--6},
  year={2010},
  organization={IEEE}
}

@Article{coimbra2012dynamic,
  title={Dynamic Reverse Engineering of Graphical User Interfaces},
  author={Coimbra Morgado, In{\^e}s and Paiva, Ana CR and Pascoal Faria, Jo{\~a}o},
  journal={International Journal On Advances in Software},
  volume={5},
  number={3 and 4},
  pages={224--236},
  year={2012}
}

@unpublished{nabuco2014inferring,
  author = {Nabuco, Miguel and Paiva, Ana CR and Faria, Joao Pascoal},
  title = {Inferring User Interface Patterns from Execution Traces of Web Applications},
  note = {Manuscript submitted for publication},
  year = {2014}
}

@Inproceedings{cunha2010pettool,
  title={PETTool: A pattern-based GUI testing tool},
  author={Cunha, Marco and Paiva, Ana CR and Ferreira, Hugo Sereno and Abreu, Rui},
  booktitle={Software Technology and Engineering (ICSTE), 2010 2nd International Conference on},
  volume={1},
  pages={V1--202},
  year={2010},
  organization={IEEE}
}

@unpublished{vilela2014cov,
  author={Liliana Vilela, Ana C. R. Paiva},
  title={PARADIGM-COV - A Multimensional Test Coverage Analysis Tool},
  booktitle={CISTI 2014 - 9ª Conferencia Ibérica de Sistemas y Tecnologías de Información, Barcelona},
  year={2014}
}

%%%%%%%%%%%%%%%%%%
%  UI PATTERNS  %%
%%%%%%%%%%%%%%%%%%

@book{tidwell2010designing,
  title={Designing interfaces},
  author={Tidwell, Jenifer},
  year={2010},
  publisher={O'Reilly}
}

@misc{neil12standard,
  title = {12 standard screen patterns},
  howpublished = { \url{http://designingWebinterfaces.com/designingWeb-interfaces-12-screen-patterns}},
  author = {T. Neil},
  note = {Accessed: 2014-01-22}
}

@incollection{sinnig2005patterns,
  title={Patterns in model-based engineering},
  author={Sinnig, Daniel and Gaffar, Ashraf and Reichart, Daniel and Forbrig, Peter and Seffah, Ahmed},
  booktitle={Computer-Aided Design of User Interfaces IV},
  pages={197--210},
  year={2005},
  publisher={Springer}
}

@inproceedings{lin2008employing,
  title={Employing patterns and layers for early-stage design and prototyping of cross-device user interfaces},
  author={Lin, James and Landay, James A},
  booktitle={Proceedings of the SIGCHI Conference on Human Factors in Computing Systems},
  pages={1313--1322},
  year={2008},
  organization={ACM}
}

@incollection{pontico2008organizing,
  title={Organizing user interface patterns for e-Government applications},
  author={Pontico, Florence and Winckler, Marco and Limbourg, Quentin},
  booktitle={Engineering Interactive Systems},
  pages={601--619},
  year={2008},
  publisher={Springer}
}
%%%%%%%%%%%%%%%%%%%%%%%%%%%%%%%%
% SOTA - REVERSE ENGINEERING  %%
%%%%%%%%%%%%%%%%%%%%%%%%%%%%%%%%

@article{chikofsky1990reverse,
  title={Reverse engineering and design recovery: A taxonomy},
  author={Chikofsky, Elliot J and Cross, James H and others},
  journal={Software, IEEE},
  volume={7},
  number={1},
  pages={13--17},
  year={1990},
  publisher={IEEE}
}

@article{canfora2011achievements,
  title={Achievements and challenges in software reverse engineering},
  author={Canfora, Gerardo and Di Penta, Massimiliano and Cerulo, Luigi},
  journal={Communications of the ACM},
  volume={54},
  number={4},
  pages={142--151},
  year={2011},
  publisher={ACM}
}

%%%%%%%%%%%%%%%%%%%%%%%%%%%%%%%%%%%%%%%%%%%%%%%%%%%%%
%  Extraction of Information from Execution Traces  %
%%%%%%%%%%%%%%%%%%%%%%%%%%%%%%%%%%%%%%%%%%%%%%%%%%%%%

@inproceedings{andjelkovic2011trace,
  title={Trace Server: A Tool for Storing, Querying and Analyzing Execution Traces},
  author={Andjelkovic, Igor and Artho, Cyrille},
  booktitle={JPF Workshop, Lawrence, USA},
  year={2011}
}

@misc{jpf,
  title = {Java Path Finder},
  howpublished = {\url{http://babelfish.arc.nasa.gov/trac/jpf}},
  note = {Accessed: 2014-01-21}
}

@book{steven2000jrapture,
  title={jRapture: A capture/replay tool for observation-based testing},
  author={Steven, John and Chandra, Pravir and Fleck, Bob and Podgurski, Andy},
  volume={25},
  number={5},
  year={2000},
  publisher={ACM}
}

@inproceedings{fischer2005system,
  title={System evolution tracking through execution trace analysis},
  author={Fischer, Michael and Oberleitner, Johann and Gall, Harald and Gschwind, Thomas},
  booktitle={Program Comprehension, 2005. IWPC 2005. Proceedings. 13th International Workshop on},
  pages={237--246},
  year={2005},
  organization={IEEE}
}

@inproceedings{amalfitano2010rich,
  title={Rich internet application testing using execution trace data},
  author={Amalfitano, Domenico and Fasolino, Anna Rita and Tramontana, Porfirio},
  booktitle={Software Testing, Verification, and Validation Workshops (ICSTW), 2010 Third International Conference on},
  pages={274--283},
  year={2010},
  organization={IEEE}
}

@inproceedings{elbaum2003improving,
  title={Improving web application testing with user session data},
  author={Elbaum, Sebastian and Karre, Srikanth and Rothermel, Gregg},
  booktitle={Proceedings of the 25th International Conference on Software Engineering},
  pages={49--59},
  year={2003},
  organization={IEEE Computer Society}
}

@article{sampath2007applying,
  title={Applying concept analysis to user-session-based testing of web applications},
  author={Sampath, Sreedevi and Sprenkle, Sara and Gibson, Emily and Pollock, Lori and Greenwald, Amie Souter},
  journal={Software Engineering, IEEE Transactions on},
  volume={33},
  number={10},
  pages={643--658},
  year={2007},
  publisher={IEEE}
}
%%%%%%%%%%%%%%%%%%%%%%%%%%%%%%%%%%%%%%%%%%%%%
%  Extraction of Information from Web apps  %
%%%%%%%%%%%%%%%%%%%%%%%%%%%%%%%%%%%%%%%%%%%%%

@article{memon2007event,
  title={An event-flow model of GUI-based applications for testing},
  author={Memon, Atif M},
  journal={Software Testing, Verification and Reliability},
  volume={17},
  number={3},
  pages={137--157},
  year={2007},
  publisher={Wiley Online Library}
}

@inproceedings{marchetto2008state,
  title={State-based testing of Ajax web applications},
  author={Marchetto, Alessandro and Tonella, Paolo and Ricca, Filippo},
  booktitle={Software Testing, Verification, and Validation, 2008 1st International Conference on},
  pages={121--130},
  year={2008},
  organization={IEEE}
}

@inproceedings{bernardi2008reverse,
  title={Reverse engineering of web applications to abstract user-centered conceptual models},
  author={Bernardi, Mario Luca and Di Lucca, Giuseppe A and Distante, Damiano},
  booktitle={Web Site Evolution, 2008. WSE 2008. 10th International Symposium on},
  pages={101--110},
  year={2008},
  organization={IEEE}
}


@incollection{dincturk2012statistical,
  title={A statistical approach for efficient crawling of rich internet applications},
  author={Dincturk, Mustafa Emre and Choudhary, Suryakant and von Bochmann, Gregor and Jourdan, Guy-Vincent and Onut, Iosif Viorel},
  booktitle={Web Engineering},
  pages={362--369},
  year={2012},
  publisher={Springer}
}

@article{ricca2001understanding,
  title={Understanding and restructuring web sites with reweb},
  author={Ricca, Filippo and Tonella, Paolo},
  journal={Multimedia, IEEE},
  volume={8},
  number={2},
  pages={40--51},
  year={2001},
  publisher={IEEE}
}

@inproceedings{di2005integrating,
  title={Integrating static and dynamic analysis to improve the comprehension of existing web applications},
  author={Di Lucca, Giuseppe A and Di Penta, Massimiliano},
  booktitle={Web Site Evolution, 2005.(WSE 2005). Seventh IEEE International Symposium on},
  pages={87--94},
  year={2005},
  organization={IEEE}
}

@article{di2004reverse,
  title={Reverse engineering Web applications: the WARE approach},
  author={Di Lucca, Giuseppe Antonio and Fasolino, Anna Rita and Tramontana, Porfirio},
  journal={Journal of Software Maintenance and Evolution: Research and Practice},
  volume={16},
  number={1-2},
  pages={71--101},
  year={2004},
  publisher={Wiley Online Library}
}

@inproceedings{antoniol2004understanding,
  title={Understanding web applications through dynamic analysis},
  author={Antoniol, Giuliano and Di Penta, Massimiliano and Zazzara, Michele},
  booktitle={Program Comprehension, 2004. Proceedings. 12th IEEE International Workshop on},
  pages={120--129},
  year={2004},
  organization={IEEE}
}

@mastersthesis{roest2010automated,
  author = "Danny Roest",
  title = "Automated Regression Testing of Ajax Web Applications",
  school = "Delft University of Technology",
  month = "February",
  year = "2010"
}

@article{mesbah2012invariant,
  title={Invariant-based automatic testing of modern web applications},
  author={Mesbah, Ali and van Deursen, Arie and Roest, Danny},
  journal={Software Engineering, IEEE Transactions on},
  volume={38},
  number={1},
  pages={35--53},
  year={2012},
  publisher={IEEE}
}

@inproceedings{fard2013feedback,
  title={Feedback-directed exploration of web applications to derive test models},
  author={Fard, A Milani and Mesbah, Ali},
  booktitle={Proceedings of the 24th IEEE International Symposium on Software Reliability Engineering (ISSRE). IEEE Computer Society},
  pages={10},
  year={2013}
}

@inproceedings{dallmeier2012webmate,
  title={Webmate: a tool for testing web 2.0 applications},
  author={Dallmeier, Valentin and Burger, Martin and Orth, Tobias and Zeller, Andreas},
  booktitle={Proceedings of the Workshop on JavaScript Tools},
  pages={11--15},
  year={2012},
  organization={ACM}
}

@incollection{dallmeier2013webmate,
  title={WebMate: Generating test cases for web 2.0},
  author={Dallmeier, Valentin and Burger, Martin and Orth, Tobias and Zeller, Andreas},
  booktitle={Software Quality. Increasing Value in Software and Systems Development},
  pages={55--69},
  year={2013},
  publisher={Springer}
}

@inproceedings{choudhary2010webdiff,
  title={Webdiff: Automated identification of cross-browser issues in web applications},
  author={Choudhary, Shauvik Roy and Versee, Husayn and Orso, Alessandro},
  booktitle={Software Maintenance (ICSM), 2010 IEEE International Conference on},
  pages={1--10},
  year={2010},
  organization={IEEE}
}

@inproceedings{benedikt2002veriweb,
  title={VeriWeb: Automatically testing dynamic web sites},
  author={Benedikt, Michael and Freire, Juliana and Godefroid, Patrice},
  booktitle={In Proceedings of 11th International World Wide Web Conference (WW W’2002},
  year={2002},
  organization={Citeseer}
}

@inproceedings{artzi2011framework,
  title={A framework for automated testing of javascript web applications},
  author={Artzi, Shay and Dolby, Julian and Jensen, Simon Holm and Moller, Anders and Tip, Frank},
  booktitle={Software Engineering (ICSE), 2011 33rd International Conference on},
  pages={571--580},
  year={2011},
  organization={IEEE}
}

@inproceedings{amalfitano2011using,
  title={Using dynamic analysis for generating end user documentation for Web 2.0 applications},
  author={Amalfitano, Domenico and Fasolino, Anna Rita and Tramontana, Porfirio},
  booktitle={Web Systems Evolution (WSE), 2011 13th IEEE International Symposium on},
  pages={11--20},
  year={2011},
  organization={IEEE}
}

%%%%%%%%%%%%%%%%%%%%%%%%%%%%%%%%%%
%  infer patterns from web apps  %
%%%%%%%%%%%%%%%%%%%%%%%%%%%%%%%%%%

@incollection{brin1999extracting,
  title={Extracting patterns and relations from the world wide web},
  author={Brin, Sergey},
  booktitle={The World Wide Web and Databases},
  pages={172--183},
  year={1999},
  publisher={Springer}
}

@article{chang2003automatic,
  title={Automatic information extraction from semi-structured web pages by pattern discovery},
  author={Chang, Chia-Hui and Hsu, Chun-Nan and Lui, Shao-Cheng},
  journal={Decision Support Systems},
  volume={35},
  number={1},
  pages={129--147},
  year={2003},
  publisher={Elsevier}
}

@inproceedings{freitag1998information,
  title={Information extraction from HTML: Application of a general machine learning approach},
  author={Freitag, Dayne},
  booktitle={AAAI/IAAI},
  pages={517--523},
  year={1998}
}

%%%%%%%%%%%%%%%%%%%%%%
%	INTRODUCTION	%%
%%%%%%%%%%%%%%%%%%%%%%

@article{constantine2002usage,
  title={Usage-centered engineering for Web applications},
  author={Constantine, Larry L and Lockwood, Lucy AD},
  journal={Software, IEEE},
  volume={19},
  number={2},
  pages={42--50},
  year={2002},
  publisher={IEEE}
}

@misc{garrett2005ajax,
  title={Ajax: A new approach to web applications},
  author={Garrett, Jesse James and others},
  year={2005}
}

@inproceedings{dalal1999model,
  title={Model-based testing in practice},
  author={Dalal, Siddhartha R and Jain, Ashish and Karunanithi, Nachimuthu and Leaton, JM and Lott, Christopher M and Patton, Gardner C and Horowitz, Bruce M},
  booktitle={Proceedings of the 21st international conference on Software engineering},
  pages={285--294},
  year={1999},
  organization={ACM}
}

@Incollection{van2001patterns,
  title={Patterns as tools for user interface design},
  author={Van Welie, Martijn and Van Der Veer, Gerrit C and Eli{\"e}ns, Anton},
  booktitle={Tools for Working with Guidelines},
  pages={313--324},
  year={2001},
  publisher={Springer}
}

@inproceedings{enase14,
  title={A GUI Modeling DSL for Pattern-Based GUI Testing - PARADIGM},
  author={Moreira, Rodrigo M. L. M. and Paiva, Ana C. R.},
  booktitle={9th International Conference on Evaluation of Novel Approaches to Software Engineering (ENASE 2014)},
  pages={126 - 135},
  year={2014}
}

@Inproceedings{nabuco2013inferring,
  title={Inferring UI patterns with Inductive Logic Programming},
  author={Nabuco, Miguel and Paiva, Ana CR and Camacho, Rui and Faria, Joao Pascoal},
  booktitle={Information Systems and Technologies (CISTI), 2013 8th Iberian Conference on},
  pages={1--5},
  year={2013},
  organization={IEEE}
}

@incollection{stojanovic2002reverse,
  title={A reverse engineering approach for migrating data-intensive web sites to the Semantic Web},
  author={Stojanovic, Nenad and Stojanovic, Ljiljana and Volz, Raphael},
  booktitle={Intelligent Information Processing},
  pages={141--154},
  year={2002},
  publisher={Springer}
}

@inproceedings{systa1999dynamic,
  title={Dynamic reverse engineering of Java software},
  author={Syst{\"a}, Tarja},
  booktitle={ECOOP Workshops},
  pages={174--175},
  year={1999}
}

@inproceedings{Bellucci:2012:ARE:2166966.2167004,
 author = {Bellucci, Federico and Ghiani, Giuseppe and Patern\`{o}, Fabio and Porta, Claudio},
 title = {Automatic Reverse Engineering of Interactive Dynamic Web Applications to Support Adaptation Across Platforms},
 booktitle = {Proceedings of the 2012 ACM International Conference on Intelligent User Interfaces},
 series = {IUI '12},
 year = {2012},
 isbn = {978-1-4503-1048-2},
 location = {Lisbon, Portugal},
 pages = {217--226},
 numpages = {10},
 howpublished = {\url{http://doi.acm.org/10.1145/2166966.2167004},
 doi = {10.1145/2166966.2167004}},
 acmid = {2167004},
 publisher = {ACM},
 address = {New York, NY, USA},
 keywords = {model-based user interface descriptions, user interface reverse engineering, web applications},
} 

@inproceedings{Zeidler:2013:ALE:2501988.2502007,
 author = {Zeidler, Clemens and Lutteroth, Christof and Sturzlinger, Wolfgang and Weber, Gerald},
 title = {The Auckland Layout Editor: An Improved GUI Layout Specification Process},
 booktitle = {Proceedings of the 26th Annual ACM Symposium on User Interface Software and Technology},
 series = {UIST '13},
 year = {2013},
 isbn = {978-1-4503-2268-3},
 location = {St. Andrews, Scotland, United Kingdom},
 pages = {343--352},
 numpages = {10},
 howpublished = {\url{http://doi.acm.org/10.1145/2501988.2502007}},
 doi = {10.1145/2501988.2502007},
 acmid = {2502007},
 publisher = {ACM},
 address = {New York, NY, USA},
 keywords = {constraint-based layout, gui builder, layout editing, layout manager},
} 

@inproceedings{Lutteroth:2008:ARE:1378337.1378350,
 author = {Lutteroth, Christof},
 title = {Automated Reverse Engineering of Hard-coded GUI Layouts},
 booktitle = {Proceedings of the Ninth Conference on Australasian User Interface - Volume 76},
 series = {AUIC '08},
 year = {2008},
 isbn = {978-1-920682-57-6},
 location = {Wollongong, Australia},
 pages = {65--73},
 numpages = {9},
 howpublished = {\url{http://dl.acm.org/citation.cfm?id=1378337.1378350}},
 acmid = {1378350},
 publisher = {Australian Computer Society, Inc.},
 address = {Darlinghurst, Australia, Australia},
 keywords = {GUI layout, beautification, linear constraints, reverse engineering},
} 

@inproceedings{Silva:2010:GTT:1822018.1822045,
 author = {Silva, Jo\~{a}o Carlos and Silva, Carlos and Gon\c{c}alo, Rui D. and Saraiva, Jo\~{a}o and Campos, Jos{\'e} Creissac},
 title = {The GUISurfer Tool: Towards a Language Independent Approach to Reverse Engineering GUI Code},
 booktitle = {Proceedings of the 2Nd ACM SIGCHI Symposium on Engineering Interactive Computing Systems},
 series = {EICS '10},
 year = {2010},
 isbn = {978-1-4503-0083-4},
 location = {Berlin, Germany},
 pages = {181--186},
 numpages = {6},
 howpublished = {\url{http://doi.acm.org/10.1145/1822018.1822045}},
 doi = {10.1145/1822018.1822045},
 acmid = {1822045},
 publisher = {ACM},
 address = {New York, NY, USA},
 keywords = {analysis, graphical user interfaces, source code},
} 


@inproceedings{telea2008interactive,
  title={An interactive reverse engineering environment for large-scale C++ code},
  author={Telea, Alexandru and Voinea, Lucian},
  booktitle={Proceedings of the 4th ACM symposium on Software visualization},
  pages={67--76},
  year={2008},
  organization={ACM}
}

@article{telea2009querying,
  title={Querying large C and C++ code bases: the open approach},
  author={Telea, Alexandru and Byelas, Heorhiy and others},
  year={2009}
}

@article{systa2000static,
  title={Static and dynamic reverse engineering techniques for Java software systems},
  author={Syst{\"a}, Tarja and Tamperensis, Universitatis},
  year={2000},
  publisher={Citeseer}
}

@book{ammann2008introduction,
  title={Introduction to software testing},
  author={Ammann, Paul and Offutt, Jeff},
  year={2008},
  publisher={Cambridge University Press}
}

@INPROCEEDINGS{5556690, 
  author={Grilo, A.M.P. and Paiva, A.C.R. and Faria, J.P.}, 
  booktitle={Information Systems and Technologies (CISTI), 2010 5th Iberian Conference on}, 
  title={Reverse engineering of GUI models for testing}, 
  year={2010}, 
  month={June}, 
  pages={1-6}, 
  keywords={graphical user interfaces;program testing;reverse engineering;GUI models;GUI quality;automatic test generation;graphical user interfaces;reverse engineering;software application;Data mining;Graphical user interfaces;Manuals;Navigation;Reverse engineering;Testing;XML;GUI modelling;GUI testing;Reverse engineering},
}

@inproceedings{conf_icst_MonteiroP13,
  added-at = {2013-09-18T00:00:00.000+0200},
  author = {Monteiro, Tiago and Paiva, Ana C. R.},
  biburl = {\url{http://www.bibsonomy.org/bibtex/20175a90665b85e24c91e81ba433389c8/dblp}},
  booktitle = {ICST Workshops},
  ee = {http://doi.ieeecomputersociety.org/10.1109/ICSTW.2013.24},
  interhash = {2663414bd3f76cadcac1d7f78a28a47c},
  intrahash = {0175a90665b85e24c91e81ba433389c8},
  isbn = {978-1-4799-1324-4},
  keywords = {dblp},
  pages = {140-143},
  publisher = {IEEE},
  timestamp = {2013-09-18T00:00:00.000+0200},
  title = {Pattern Based GUI Testing Modeling Environment.},
  howpublished = {\url{http://dblp.uni-trier.de/db/conf/icst/icstw2013.html#MonteiroP13}},
  year = 2013
}

@inproceedings{conf/fmics/PaivaFM07,
  added-at = {2008-06-24T00:00:00.000+0200},
  author = {Paiva, Ana C. R. and Faria, João C. P. and Mendes, Pedro M. C.},
  biburl = {\url{http://www.bibsonomy.org/bibtex/214b3f9d75d7ddaaf4f8494dcccf24fc1/dblp}},
  booktitle = {FMICS},
  date = {2008-06-24},
  description = {dblp},
  editor = {Leue, Stefan and Merino, Pedro},
  ee = {http://dx.doi.org/10.1007/978-3-540-79707-4_16},
  interhash = {6aeeab156d653ef2cc0e0092a46a9206},
  intrahash = {14b3f9d75d7ddaaf4f8494dcccf24fc1},
  isbn = {978-3-540-79706-7},
  keywords = {dblp},
  pages = {218-233},
  publisher = {Springer},
  series = {Lecture Notes in Computer Science},
  timestamp = {2008-06-24T00:00:00.000+0200},
  title = {Reverse Engineered Formal Models for GUI Testing.},
  howpublished = {\url{http://dblp.uni-trier.de/db/conf/fmics/fmics2007.html#PaivaFM07}},
  volume = 4916,
  year = 2007
}

@inproceedings{pacione2003comparative,
  title={A comparative evaluation of dynamic visualisation tools},
  author={Pacione, Michael J and Roper, Marc and Wood, Murray},
  booktitle={10th Working Conference on Reverse Engineering},
  pages={80--89},
  year={2003}
}

@incollection{duarte2006model,
  title={Model extraction using context information},
  author={Duarte, Lucio Mauro and Kramer, Jeff and Uchitel, Sebastian},
  booktitle={Model Driven Engineering Languages and Systems},
  pages={380--394},
  year={2006},
  publisher={Springer}
}

@book{benjamin2011strategy,
  title={A strategy for efficient crawling of rich internet applications},
  author={Benjamin, Kamara and Von Bochmann, Gregor and Dincturk, Mustafa Emre and Jourdan, Guy-Vincent and Onut, Iosif Viorel},
  year={2011},
  publisher={Springer}
}

@inproceedings{scheetz1999generating,
  title={Generating test cases from an OO model with an ai planning system},
  author={Scheetz, Michael and von Mayrhauser, Anneliese and France, Robert},
  booktitle={Software Reliability Engineering, 1999. Proceedings. 10th International Symposium on},
  pages={250--259},
  year={1999},
  organization={IEEE}
}

@inproceedings{moore1996rule,
  title={Rule-based detection for reverse engineering user interfaces},
  author={Moore, Melody M},
  booktitle={Reverse Engineering, 1996., Proceedings of the Third Working Conference on},
  pages={42--48},
  year={1996},
  organization={IEEE}
}

@inproceedings{gimblett2010user,
  title={User interface model discovery: towards a generic approach},
  author={Gimblett, Andy and Thimbleby, Harold},
  booktitle={Proceedings of the 2nd ACM SIGCHI symposium on Engineering interactive computing systems},
  pages={145--154},
  year={2010},
  organization={ACM}
}

@inproceedings{sanchez2010model,
  title={Model-driven reverse engineering of legacy graphical user interfaces},
  author={S{\'a}nchez Ram{\'o}n, {\'O}scar and S{\'a}nchez Cuadrado, Jes{\'u}s and Garc{\'\i}a Molina, Jes{\'u}s},
  booktitle={Proceedings of the IEEE/ACM international conference on Automated software engineering},
  pages={147--150},
  year={2010},
  organization={ACM}
}

@incollection{paiva2008reverse,
  title={Reverse engineered formal models for GUI testing},
  author={Paiva, Ana CR and Faria, Jo{\~a}o CP and Mendes, Pedro MC},
  booktitle={Formal Methods for Industrial Critical Systems},
  pages={218--233},
  year={2008},
  publisher={Springer}
}

@article{paiva2007towards,
  title={Towards the integration of visual and formal models for GUI testing},
  author={Paiva, Ana CR and Faria, Jo{\~a}o CP and Vidal, Raul FAM},
  journal={Electronic Notes in Theoretical Computer Science},
  volume={190},
  number={2},
  pages={99--111},
  year={2007},
  publisher={Elsevier}
}

@inproceedings{amalfitano2012using,
  title={Using GUI ripping for automated testing of Android applications},
  author={Amalfitano, Domenico and Fasolino, Anna Rita and Tramontana, Porfirio and De Carmine, Salvatore and Memon, Atif M},
  booktitle={Proceedings of the 27th IEEE/ACM International Conference on Automated Software Engineering},
  pages={258--261},
  year={2012},
  organization={ACM}
}

@article{memon2002gui,
  title={GUI testing: Pitfalls and process},
  author={Memon, Atif M},
  journal={Computer},
  volume={35},
  number={8},
  pages={87--88},
  year={2002},
  publisher={IEEE Computer Society}
}

@inproceedings{memon2003gui,
  title={GUI Ripping: Reverse Engineering of Graphical User Interfaces for Testing.},
  author={Memon, Atif M and Banerjee, Ishan and Nagarajan, Adithya},
  booktitle={WCRE},
  volume={3},
  pages={260},
  year={2003}
}

@misc{4bestlibs,
  title = {4 Best User Interface Design Pattern Libraries},
  howpublished = { \url{http://uxmovement.com/resources/4-best-design-pattern-libraries/}},
  author = {anthony},
  note = {Accessed: 2014-06-20}
}